
\bibliography{tutorialsbib}
\bibliographystyle{plain}


@PHDTHESIS{wasshuber97,
  AUTHOR = "C. Wasshuber",
  TITLE = "About Single-Electron Devices and Circuits",
  SCHOOL = "Technischen Universität Wien",
  YEAR = "1997"}
