@Misc{ElmerHome,
title = {Elmer web pages: https://www.csc.fi/elmer}
}

@Misc{TetgenHome,
 title = {Tetgen web pages: http://wias-berlin.de/software/tetgen}
}

@Misc{NetgenHome,
 title = {Netgen/NGSolve web pages: https://ngsolve.org}
}

@Misc{QtHome,
 title = {Qt web pages: https://www.qt.io/jp}
}

@Misc{QwtHome,
 title = {Qwt web pages: https://qwt.sourceforge.io}
}

@Misc{VTKHome,
 title = {VTK web pages: https://vtk.org}
}

@Misc{OCCHome,
 title = {OCE github pages: https://github.com/tpaviot/oce}
}

@Misc{ElmerfemHome,
 title = {Elmerfem in Sourceforge: https://sourceforge.net/projects/elmerfem}
}
